%---------------------------------------------------------------------------%
%-                                                                         -%
%-                             Bibliography                                -%
%-                                                                         -%
%---------------------------------------------------------------------------%
@article{inack2018projective,
  title={Projective quantum Monte Carlo simulations guided by unrestricted neural network states},
  author={Inack, EM and Santoro, GE and Dell'Anna, L and Pilati, S},
  journal={Physical Review B},
  volume={98},
  number={23},
  pages={235145},
  year={2018},
  publisher={APS}
}

@article{van1992job,
  title={Job shop scheduling by simulated annealing},
  author={Van Laarhoven, Peter JM and Aarts, Emile HL and Lenstra, Jan Karel},
  journal={Operations research},
  volume={40},
  number={1},
  pages={113--125},
  year={1992},
  publisher={INFORMS}
}

@article{sorella2001generalized,
  title={Generalized Lanczos algorithm for variational quantum Monte Carlo},
  author={Sorella, Sandro},
  journal={Physical Review B},
  volume={64},
  number={2},
  pages={024512},
  year={2001},
  publisher={APS}
}

@article{carleo2017solving,
  title={Solving the quantum many-body problem with artificial neural networks},
  author={Carleo, Giuseppe and Troyer, Matthias},
  journal={Science},
  volume={355},
  number={6325},
  pages={602--606},
  year={2017},
  publisher={American Association for the Advancement of Science}
}

@article{sorella2007weak,
  title={Weak binding between two aromatic rings: Feeling the van der Waals attraction by quantum Monte Carlo methods},
  author={Sorella, Sandro and Casula, Michele and Rocca, Dario},
  journal={The Journal of chemical physics},
  volume={127},
  number={1},
  pages={014105},
  year={2007},
  publisher={American Institute of Physics}
}

@article{carleo2012localization,
  title={Localization and glassy dynamics of many-body quantum systems},
  author={Carleo, Giuseppe and Becca, Federico and Schir{\'o}, Marco and Fabrizio, Michele},
  journal={Scientific reports},
  volume={2},
  number={1},
  pages={1--6},
  year={2012},
  publisher={Nature Publishing Group}
}

@article{carleo2014light,
  title={Light-cone effect and supersonic correlations in one-and two-dimensional bosonic superfluids},
  author={Carleo, Giuseppe and Becca, Federico and Sanchez-Palencia, Laurent and Sorella, Sandro and Fabrizio, Michele},
  journal={Physical Review A},
  volume={89},
  number={3},
  pages={031602},
  year={2014},
  publisher={APS}
}

@article{harju1997stochastic,
  title={Stochastic gradient approximation: An efficient method to optimize many-body wave functions},
  author={Harju, A and Barbiellini, B and Siljam{\"a}ki, S and Nieminen, Risto M and Ortiz, G},
  journal={Physical review letters},
  volume={79},
  number={7},
  pages={1173},
  year={1997},
  publisher={APS}
}

@article{huang2017accelerated,
  title={Accelerated Monte Carlo simulations with restricted Boltzmann machines},
  author={Huang, Li and Wang, Lei},
  journal={Physical Review B},
  volume={95},
  number={3},
  pages={035105},
  year={2017},
  publisher={APS}
}

@article{falicov1969simple,
  title={Simple model for semiconductor-metal transitions: Sm B 6 and transition-metal oxides},
  author={Falicov, LM and Kimball, JC},
  journal={Physical Review Letters},
  volume={22},
  number={19},
  pages={997},
  year={1969},
  publisher={APS}
}

@article{metropolis1953equation,
  title={Equation of state calculations by fast computing machines},
  author={Metropolis, Nicholas and Rosenbluth, Arianna W and Rosenbluth, Marshall N and Teller, Augusta H and Teller, Edward},
  journal={The journal of chemical physics},
  volume={21},
  number={6},
  pages={1087--1092},
  year={1953},
  publisher={American Institute of Physics}
}

@article{hastings1970monte,
  title={Monte Carlo sampling methods using Markov chains and their applications},
  author={Hastings, W Keith},
  year={1970},
  publisher={Oxford University Press}
}

@article{liu2017self,
  title={Self-learning monte carlo method},
  author={Liu, Junwei and Qi, Yang and Meng, Zi Yang and Fu, Liang},
  journal={Physical Review B},
  volume={95},
  number={4},
  pages={041101},
  year={2017},
  publisher={APS}
}

@article{umrigar2005energy,
  title={Energy and variance optimization of many-body wave functions},
  author={Umrigar, CJ and Filippi, Claudia},
  journal={Physical review letters},
  volume={94},
  number={15},
  pages={150201},
  year={2005},
  publisher={APS}
}

@article{umrigar2007alleviation,
  title={Alleviation of the fermion-sign problem by optimization of many-body wave functions},
  author={Umrigar, CJ and Toulouse, Julien and Filippi, Claudia and Sorella, Sandro and Hennig, Richard G},
  journal={Physical review letters},
  volume={98},
  number={11},
  pages={110201},
  year={2007},
  publisher={APS}
}

@article{nightingale2001optimization,
  title={Optimization of ground-and excited-state wave functions and van der Waals clusters},
  author={Nightingale, MP and Melik-Alaverdian, Vilen},
  journal={Physical review letters},
  volume={87},
  number={4},
  pages={043401},
  year={2001},
  publisher={APS}
}

@article{toulouse2007optimization,
  title={Optimization of quantum Monte Carlo wave functions by energy minimization},
  author={Toulouse, Julien and Umrigar, Cyrus J},
  journal={The Journal of chemical physics},
  volume={126},
  number={8},
  pages={084102},
  year={2007},
  publisher={American Institute of Physics}
}

@article{sorella2005wave,
  title={Wave function optimization in the variational Monte Carlo method},
  author={Sorella, Sandro},
  journal={Physical Review B},
  volume={71},
  number={24},
  pages={241103},
  year={2005},
  publisher={APS}
}

@article{scemama2006simple,
  title={Simple and efficient approach to the optimization of correlated wave functions},
  author={Scemama, Anthony and Filippi, Claudia},
  journal={Physical Review B},
  volume={73},
  number={24},
  pages={241101},
  year={2006},
  publisher={APS}
}

@article{lin2000optimization,
  title={Optimization of quantum Monte Carlo wave functions using analytical energy derivatives},
  author={Lin, Xi and Zhang, Hongkai and Rappe, Andrew M},
  journal={The Journal of Chemical Physics},
  volume={112},
  number={6},
  pages={2650--2654},
  year={2000},
  publisher={American Institute of Physics}
}

@article{casula2004correlated,
  title={Correlated geminal wave function for molecules: An efficient resonating valence bond approach},
  author={Casula, Michele and Attaccalite, Claudio and Sorella, Sandro},
  journal={The Journal of chemical physics},
  volume={121},
  number={15},
  pages={7110--7126},
  year={2004},
  publisher={American Institute of Physics}
}

@article{casula2005diffusion,
  title={Diffusion Monte Carlo method with lattice regularization},
  author={Casula, Michele and Filippi, Claudia and Sorella, Sandro},
  journal={Physical review letters},
  volume={95},
  number={10},
  pages={100201},
  year={2005},
  publisher={APS}
}

@article{reynolds1982fixed,
  title={Fixed-node quantum monte carlo for moleculesa) b)},
  author={Reynolds, Peter J and Ceperley, David M and Alder, Berni J and Lester Jr, William A},
  journal={The Journal of Chemical Physics},
  volume={77},
  number={11},
  pages={5593--5603},
  year={1982},
  publisher={American Institute of Physics}
}

@article{umrigar1993diffusion,
  title={A diffusion Monte Carlo algorithm with very small time-step errors},
  author={Umrigar, CJ and Nightingale, MP and Runge, KJ},
  journal={The Journal of chemical physics},
  volume={99},
  number={4},
  pages={2865--2890},
  year={1993},
  publisher={American Institute of Physics}
}

@article{inack2018understanding,
  title={Understanding quantum tunneling using diffusion Monte Carlo simulations},
  author={Inack, EM and Giudici, G and Parolini, Tommaso and Santoro, G and Pilati, Sebastiano},
  journal={Physical Review A},
  volume={97},
  number={3},
  pages={032307},
  year={2018},
  publisher={APS}
}#14

@book{becca2017quantum,
  title={Quantum Monte Carlo approaches for correlated systems},
  author={Becca, Federico and Sorella, Sandro},
  year={2017},
  publisher={Cambridge University Press}
}

@article{heim2015quantum,
  title={Quantum versus classical annealing of Ising spin glasses},
  author={Heim, Bettina and R{\o}nnow, Troels F and Isakov, Sergei V and Troyer, Matthias},
  journal={Science},
  volume={348},
  number={6231},
  pages={215--217},
  year={2015},
  publisher={American Association for the Advancement of Science}
}#210

@article{boixo2014evidence,
  title={Evidence for quantum annealing with more than one hundred qubits},
  author={Boixo, Sergio and R{\o}nnow, Troels F and Isakov, Sergei V and Wang, Zhihui and Wecker, David and Lidar, Daniel A and Martinis, John M and Troyer, Matthias},
  journal={Nature physics},
  volume={10},
  number={3},
  pages={218--224},
  year={2014},
  publisher={Nature Publishing Group}
}#750

@article{santoro2002theory,
  title={Theory of quantum annealing of an Ising spin glass},
  author={Santoro, Giuseppe E and Marton{\'a}k, Roman and Tosatti, Erio and Car, Roberto},
  journal={Science},
  volume={295},
  number={5564},
  pages={2427--2430},
  year={2002},
  publisher={American Association for the Advancement of Science}
}#666

@article{finnila1994quantum,
  title={Quantum annealing: A new method for minimizing multidimensional functions},
  author={Finnila, Aleta Berk and Gomez, MA and Sebenik, C and Stenson, Catherine and Doll, Jimmie D},
  journal={Chemical physics letters},
  volume={219},
  number={5-6},
  pages={343--348},
  year={1994},
  publisher={Elsevier}
}#670

@article{inack2015simulated,
  title={Simulated quantum annealing of double-well and multiwell potentials},
  author={Inack, EM and Pilati, S},
  journal={Physical Review E},
  volume={92},
  number={5},
  pages={053304},
  year={2015},
  publisher={APS}
}#18

@article{isakov2016understanding,
  title={Understanding quantum tunneling through quantum Monte Carlo simulations},
  author={Isakov, Sergei V and Mazzola, Guglielmo and Smelyanskiy, Vadim N and Jiang, Zhang and Boixo, Sergio and Neven, Hartmut and Troyer, Matthias},
  journal={Physical review letters},
  volume={117},
  number={18},
  pages={180402},
  year={2016},
  publisher={APS}
}#94

@article{jiang2017scaling,
  title={Scaling analysis and instantons for thermally assisted tunneling and quantum Monte Carlo simulations},
  author={Jiang, Zhang and Smelyanskiy, Vadim N and Isakov, Sergei V and Boixo, Sergio and Mazzola, Guglielmo and Troyer, Matthias and Neven, Hartmut},
  journal={Physical Review A},
  volume={95},
  number={1},
  pages={012322},
  year={2017},
  publisher={APS}
}#51

@article{mazzola2017quantum,
  title={Quantum monte carlo tunneling from quantum chemistry to quantum annealing},
  author={Mazzola, Guglielmo and Smelyanskiy, Vadim N and Troyer, Matthias},
  journal={Physical Review B},
  volume={96},
  number={13},
  pages={134305},
  year={2017},
  publisher={APS}
}#28

@article{foulkes2001quantum,
  title={Quantum Monte Carlo simulations of solids},
  author={Foulkes, WMC and Mitas, Lubos and Needs, RJ and Rajagopal, Guna},
  journal={Reviews of Modern Physics},
  volume={73},
  number={1},
  pages={33},
  year={2001},
  publisher={APS}
}#2446

@article{saito2017solving,
  title={Solving the Bose--Hubbard model with machine learning},
  author={Saito, Hiroki},
  journal={Journal of the Physical Society of Japan},
  volume={86},
  number={9},
  pages={093001},
  year={2017},
  publisher={The Physical Society of Japan}
}#123

@article{saito2018machine,
  title={Machine learning technique to find quantum many-body ground states of bosons on a lattice},
  author={Saito, Hiroki and Kato, Masaya},
  journal={Journal of the Physical Society of Japan},
  volume={87},
  number={1},
  pages={014001},
  year={2018},
  publisher={The Physical Society of Japan}
}#97

@article{duchi2011adaptive,
  title={Adaptive subgradient methods for online learning and stochastic optimization.},
  author={Duchi, John and Hazan, Elad and Singer, Yoram},
  journal={Journal of machine learning research},
  volume={12},
  number={7},
  year={2011}
}#10752

@article{kingma2014adam,
  title={Adam: A method for stochastic optimization},
  author={Kingma, Diederik P and Ba, Jimmy},
  journal={arXiv preprint arXiv:1412.6980},
  year={2014}
}#119333

@article{freitas2018neural,
  title={Neural network operations and Susuki--Trotter evolution of neural network states},
  author={Freitas, Nahuel and Morigi, Giovanna and Dunjko, Vedran},
  journal={International Journal of Quantum Information},
  volume={16},
  number={08},
  pages={1840008},
  year={2018},
  publisher={World Scientific}
}#20

@article{carleo2018constructing,
  title={Constructing exact representations of quantum many-body systems with deep neural networks},
  author={Carleo, Giuseppe and Nomura, Yusuke and Imada, Masatoshi},
  journal={Nature communications},
  volume={9},
  number={1},
  pages={1--11},
  year={2018},
  publisher={Nature Publishing Group}
}#146
%---------------------------------------------------------------------------%
